@book{ognawala,
	author =       "Ognawala,S.,et al.",
	title =        "MACKE: Compositional analysis of low-level vulnerabilities with symbolic execution",
	year =         "2016"
}

@book{dataFlow,
	author =       "Uday Khedker; Amitabha Sanyal; Bageshri Sathe",
	title =        "Data Flow Analysis: Theory and Practice",
	year =         "2009"
}

@book{graphs,
	author =       "Bondy, John Adrian; Murty, U. S. R",
	title =        "Graph Theory with Applications",
	year =         "1976"
}

@misc{cvss3,
	author    = "FIRST.Org, Inc. (FIRST)",
	title     = "Common Vulnerability Scoring System v3.0: Specification Document",
	url       = "https://www.first.org/cvss/cvss-v30-specification-v1.8.pdf"
}